
@misc{jones2004introduction,
	title={An introduction to bioinformatics algorithms},
	author={Jones, Neil C and Pevzner, Pavel},
	year={2004},
	publisher={MIT press}
}


@article{das2007survey,
	title={A survey of DNA motif finding algorithms},
	author={Das, Modan K and Dai, Ho-Kwok},
	journal={BMC bioinformatics},
	volume={8},
	number={7},
	pages={S21},
	year={2007},
	publisher={BioMed Central}
}


@article{dinh2012qpms7,
	title={qPMS7: A fast algorithm for finding (â„“, d)-motifs in DNA and protein sequences},
	author={Dinh, Hieu and Rajasekaran, Sanguthevar and Davila, Jaime},
	journal={PloS one},
	volume={7},
	number={7},
	pages={e41425},
	year={2012},
	publisher={Public Library of Science}
}


@article{nicolae2014efficient,
	title={Efficient sequential and parallel algorithms for planted motif search},
	author={Nicolae, Marius and Rajasekaran, Sanguthevar},
	journal={BMC bioinformatics},
	volume={15},
	number={1},
	pages={34},
	year={2014},
	publisher={BioMed Central}
}


@article{nicolae2015qpms9,
	title={qPMS9: an efficient algorithm for quorum planted motif search},
	author={Nicolae, Marius and Rajasekaran, Sanguthevar},
	journal={Scientific reports},
	volume={5},
	year={2015},
	publisher={Nature Publishing Group}
}


@inproceedings{xiao2016qpms10,
	title={qPMS10: A randomized algorithm for efficiently solving quorum Planted Motif Search problem},
	author={Xiao, Peng and Pal, Soumitra and Rajasekaran, Sanguthevar},
	booktitle={Bioinformatics and Biomedicine (BIBM), 2016 IEEE International Conference on},
	pages={670--675},
	year={2016},
	organization={IEEE}
}


@article{tanaka2014improved,
	title={Improved Exact Enumerative Algorithms for the Planted ($ l $, $ d $)-Motif Search Problem},
	author={Tanaka, Shunji},
	journal={IEEE/ACM Transactions on Computational Biology and Bioinformatics},
	volume={11},
	number={2},
	pages={361--374},
	year={2014},
	publisher={IEEE}
}


@article{gohardaninew,
	title={A New Idea for Improving the Running Time of PMS Algorithm},
	author={Gohardani, Saeed Alirezanejad and Bagherian, Mehri and Vaziri, Hamid Reza}
}


@incollection{huan2015efficient,
	title={An Efficient Ant Colony Algorithm for DNA Motif Finding},
	author={Huan, Hoang X and Tuyet, Duong TA and Ha, Doan TT and Hung, Nguyen T},
	booktitle={Knowledge and Systems Engineering},
	pages={589--601},
	year={2015},
	publisher={Springer}
}


@article{wei2007comparative,
	title={Comparative analysis of regulatory motif discovery tools for transcription factor binding sites},
	author={Wei, Wei and Yu, Xiao-Dan},
	journal={Genomics, proteomics \& bioinformatics},
	volume={5},
	number={2},
	pages={131--142},
	year={2007},
	publisher={Elsevier}
}


@article{zambelli2012motif,
	title={Motif discovery and transcription factor binding sites before and after the next-generation sequencing era},
	author={Zambelli, Federico and Pesole, Graziano and Pavesi, Giulio},
	journal={Briefings in bioinformatics},
	pages={bbs016},
	year={2012},
	publisher={Oxford Univ Press}
}

@Inbook{Riethoven2010,
	author="Riethoven, Jean-Jack M.",
	editor="Ladunga, Istvan",
	title="Regulatory Regions in DNA: Promoters, Enhancers, Silencers, and Insulators",
	bookTitle="Computational Biology of Transcription Factor Binding",
	year="2010",
	publisher="Humana Press",
	address="Totowa, NJ",
	pages="33--42",
	isbn="978-1-60761-854-6",
	doi="10.1007/978-1-60761-854-6_3",
	url="http://dx.doi.org/10.1007/978-1-60761-854-6_3"
}

@ONLINE {regulatoryregions,
	url= {http://www.ross.net/crc/download/crc_v3.txt},
	urldate = {2017-12-02},
	author = {Riethoven JJ},
	title = {Regulatory regions in DNA: promoters, enhancers, silencers, and insulators}
}


@article{doi:10.1093/bib/bbs016,
	author = {Zambelli, Federico and Pesole, Graziano and Pavesi, Giulio},
	title = {Motif discovery and transcription factor binding sites before and after the next-generation sequencing era},
	journal = {Briefings in Bioinformatics},
	volume = {14},
	number = {2},
	pages = {225},
	year = {2013},
	doi = {10.1093/bib/bbs016},
	URL = { + http://dx.doi.org/10.1093/bib/bbs016},
	eprint = {/oup/backfile/Content_public/Journal/bib/14/2/10.1093/bib/bbs016/2/bbs016.pdf}
}


@article{duret1997searching,
	title={Searching for regulatory elements in human noncoding sequences},
	author={Duret, Laurent and Bucher, Philipp},
	journal={Current opinion in structural biology},
	volume={7},
	number={3},
	pages={399--406},
	year={1997},
	publisher={Elsevier}
}

@article{rajasekaran20091,
	title={1. Abstract 2. Introduction 3. Experimental techniques 4. Computational techniques 4.1. Statistics based techniques 4.2. Discrete algorithmic techniques},
	author={Rajasekaran, Sanguthevar},
	journal={Frontiers in Bioscience},
	volume={14},
	pages={5052--5065},
	year={2009}
}



@article{frances1997covering,
	title={On covering problems of codes},
	author={Frances, Moti and Litman, Ami},
	journal={Theory of Computing Systems},
	volume={30},
	number={2},
	pages={113--119},
	year={1997},
	publisher={Springer}
}

@incollection{davila2007pampa,
	title={Pampa: An improved branch and bound algorithm for planted (l, d) motif search},
	author={Davila, Jaime and Balla, Sudha and Rajasekaran, Sanguthevar},
	booktitle={Tech. rep},
	year={2007}
}


@article{davila2007fast,
	title={Fast and practical algorithms for planted (l, d) motif search},
	author={Davila, Jaime and Balla, Sudha and Rajasekaran, Sanguthevar},
	journal={IEEE/ACM Transactions on Computational Biology and Bioinformatics (TCBB)},
	volume={4},
	number={4},
	pages={544--552},
	year={2007},
	publisher={IEEE Computer Society Press}
}

@article{bandyopadhyay2013pms6mc,
	title={PMS6MC: A multicore algorithm for motif discovery},
	author={Bandyopadhyay, Shibdas and Sahni, Sartaj and Rajasekaran, Sanguthevar},
	journal={Algorithms},
	volume={6},
	number={4},
	pages={805--823},
	year={2013},
	publisher={Multidisciplinary Digital Publishing Institute}
}

@inproceedings{chin2005voting,
	title={Voting algorithms for discovering long motifs.},
	author={Chin, Francis YL and Leung, Henry CM},
	booktitle={APBC},
	pages={261--271},
	year={2005}
}

@inproceedings{pisanti2006risotto,
	title={RISOTTO: Fast extraction of motifs with mismatches},
	author={Pisanti, Nadia and Carvalho, Alexandra M and Marsan, Laurent and Sagot, Marie-France},
	booktitle={Latin American Symposium on Theoretical Informatics},
	pages={757--768},
	year={2006},
	organization={Springer}
}

@article{bailey1994fitting,
	title={Fitting a mixture model by expectation maximization to discover motifs in bipolymers},
	author={Bailey, Timothy L and Elkan, Charles and others},
	year={1994},
	publisher={Department of Computer Science and Engineering, University of California, San Diego}
}

@article{buhler2002finding,
	title={Finding motifs using random projections},
	author={Buhler, Jeremy and Tompa, Martin},
	journal={Journal of computational biology},
	volume={9},
	number={2},
	pages={225--242},
	year={2002},
	publisher={Mary Ann Liebert, Inc.}
}

@article{lawrence1993detecting,
	title={Detecting subtle sequence signals: a Gibbs sampling strategy for multiple alignment},
	author={Lawrence, Charles E and Altschul, Stephen F and Boguski, Mark S and Liu, Jun S and Neuwald, Andrew F and Wootton, John C and others},
	journal={SCIENCE-NEW YORK THEN WASHINGTON-},
	volume={262},
	pages={208--208},
	year={1993},
	publisher={American Association for the Advancement of Science}
}

@inproceedings{pevzner2000combinatorial,
	title={Combinatorial approaches to finding subtle signals in DNA sequences.},
	author={Pevzner, Pavel A and Sze, Sing-Hoi and others},
	booktitle={ISMB},
	volume={8},
	pages={269--278},
	year={2000}
}

@inproceedings{rocke1998algorithm,
	title={An algorithm for finding novel gapped motifs in DNA sequences},
	author={Rocke, Emily and Tompa, Martin},
	booktitle={Proceedings of the second annual international conference on Computational molecular biology},
	pages={228--233},
	year={1998},
	organization={ACM}
}

@inproceedings{keich2002finding,
	title={Finding motifs in the twilight zone},
	author={Keich, Uri and Pevzner, Pavel A},
	booktitle={Proceedings of the sixth annual international conference on Computational biology},
	pages={195--204},
	year={2002},
	organization={ACM}
}

@article{price2003finding,
	title={Finding subtle motifs by branching from sample strings},
	author={Price, Alkes and Ramabhadran, Sriram and Pevzner, Pavel A},
	journal={Bioinformatics},
	volume={19},
	number={suppl 2},
	pages={ii149--ii155},
	year={2003},
	publisher={Oxford Univ Press}
}

@article{hertz1999identifying,
	title={Identifying DNA and protein patterns with statistically significant alignments of multiple sequences.},
	author={Hertz, Gerald Z and Stormo, Gary D.},
	journal={Bioinformatics},
	volume={15},
	number={7},
	pages={563--577},
	year={1999},
	publisher={Oxford Univ Press}
}

@article{pal2016efficient,
	title={Efficient sequential and parallel algorithms for finding edit distance based motifs},
	author={Pal, Soumitra and Xiao, Peng and Rajasekaran, Sanguthevar},
	journal={BMC genomics},
	volume={17},
	number={4},
	pages={465},
	year={2016},
	publisher={BioMed Central}
}